@Article{RNAstructure,
  author =	{Suzanne Clancy},
  title =	{Chemical Structure of RNA},
  url =		{https://www.nature.com/scitable/topicpage/chemical-structure-of-rna-348/},
  year =	{2008}
}

@misc{oxfordNanopore,
  author =	{Oxford Nanopore Technologies},
  title =	{How does nanopore DNA/RNA sequencing work?},
  url =		{https://nanoporetech.com/how-it-works},
  year =	{2020 (accessed May 30, 2020)}
}

@misc{ram,
  author = 	{Rober Vaser and Josip Marić},
  title =	{Ram},
  url =		{https://github.com/lbcb-sci/ram},
  year =	{2020 (latest commit April 8, 2020)}
}

@misc{minimap,
  author = 	{Heng Li},
  title =	{Minimap},
  url =		{https://github.com/lh3/minimap},
  year =	{2017 (latest commit September 20, 2017)}
}

@misc{minimap2,
  author =	{Heng Li},
  title =	{Minimap2},
  url =		{https://github.com/lh3/minimap2},
  year =	{2020 (latest commit April 26, 2020)}
}

@manual{minimap2man,
  author =	{Heng Li},
  title =	{Manual Reference Pages - minimap2 (1)},
  url =		{https://lh3.github.io/minimap2/minimap2.html},
  year =	{2019 (accessed June 6)}
}

@misc{graphmap,
  author =	{Ivan Sović},
  title =	{GraphMap},
  url =		{https://github.com/isovic/graphmap},
  year =	{2017 (latest commit May 26, 2017)}
}

@misc{openDBA,
  author =	{Paul Gordon},
  title =	{OpenDBA},
  url =		{https://github.com/nodrogluap/OpenDBA},
  year =	{2020 (latest commit February 27, 2020)}
}

@misc{dba,
  author =	{Francois Petitjean},
  title =	{DBA},
  url =		{https://github.com/fpetitjean/DBA},
  year =	{2019 (latest commit January 17, 2019)}
}

@misc{dynamicTimeWarping,
  author =	{Donald J. Berndt and James Clifford},
  title =	{Using Dynamic Time Warping to Find Patterns in Time Series},
  year =	{1994}
}

@misc{uncalled,
  author =	{Sam Kovaka and Taher Mun},
  title =	{UNCALLED},
  url =		{https://github.com/skovaka/UNCALLED},
  year =	{2020 (latest commit March 3, 2020)}
}

@misc{racon,
  author =	{Ivan Sović, Robert Vaser, Joyjit Daw},
  title =	{Racon},
  url =		{https://github.com/isovic/racon},
  year =	{2020 (latest commit March 23, 2020)}
}

@Book{clusterAnalysis,
  author =	{Brian Everitt},
  title =	{Cluster analysis},
  publisher =	{Chichester, West Sussex, U.K: Wiley},
  year =	{2011}
}

@Article{KMeansArticle,
  author =	{Michael J. Garbade},
  title =	{Understanding K-means Clustering in Machine Learning},
  url =		{https://towardsdatascience.com/understanding-k-means-clustering-in-machine-learning-6a6e67336aa1},
  year =	{2018}
}

@Article{kmeansSklearn,
  author =	{scikit-learn developers},
  title =	{K-means},
  url =		{https://scikit-learn.org/stable/modules/clustering.html#k-means},
  year =	{2019 (accessed May 30, 2020)}
}

@Article{dictVectorizer,
  author =	{scikit-learn developers},
  title =	{Loading features from dicts},
  url =		{https://scikit-learn.org/stable/modules/feature_extraction.html#dict-feature-extraction},
  year =	{2019 (accessed May 31, 2020)}
}

@Article{optimalKmethods,
  author =	{Datanovia},
  title =	{Determining The Optimal Number Of Clusters: 3 Must Know Methods},
  url =		{https://www.datanovia.com/en/lessons/determining-the-optimal-number-of-clusters-3-must-know-methods/},
  year =	{2020 (accessed June 1, 2020)}
}

@Article{silhouetteDet,
  author =	{scikit-learn developers},
  title =	{Selecting the number of clusters with silhouette analysis on KMeans clustering},
  url =		{https://scikit-learn.org/stable/auto_examples/cluster/plot_kmeans_silhouette_analysis.html},
  year =	{2019 (accessed June 1, 2020)}
}

@Article{silhouetteScore,
  author =	{scikit-learn developers},
  title =	{Silhouette score},
  url =		{https://scikit-learn.org/stable/modules/generated/sklearn.metrics.silhouette_score.html},
  year =	{2019 (accessed June 1, 2020)}
}

@Article{silhouetteSamples,
  author =	{scikit-learn developers},
  title =	{Silhouette samples},
  url =		{https://scikit-learn.org/stable/modules/generated/sklearn.metrics.silhouette_samples.html},
  year =	{2019 (accessed June 1, 2020)}
}

@Article{pca,
  author = 	{Ian T. Jolliffe and Jorge Cadima},
  title =	{Principal component analysis},
  url = 	{https://royalsocietypublishing.org/doi/10.1098/rsta.2015.0202}, 
  year =	{2016}
}

@Article{pcaSklearn,
  author =	{scikit-learn developers},
  title =	{Principal component analysis (PCA)},
  url =		{https://scikit-learn.org/stable/modules/decomposition.html#pca},
  year =	{2019 (accessed June 3, 2020)}
}

@Article{tsne,
  author =	{Laurens vann der Maaten},
  title =	{t-SNE},
  url =		{https://lvdmaaten.github.io/tsne/},
  year =	{2020 (accessed June 3, 2020)}
}

@Article{tsneSklearn,
  author =	{scikit-learn developers},
  title =	{t-distributed Stochastic Neighbor Embedding (t-SNE)},
  url =		{https://scikit-learn.org/stable/modules/manifold.html#t-sne},
  year =	{2019 (accessed June 3, 2020)}
}

@Article{tablet,
  author = 	{The James Hutton Institute},
  title = 	{Tablet},
  url = 	{https://ics.hutton.ac.uk/tablet/},
  year = 	{2020 (accessed May 28, 2020)}
}

